
@article{stephens_characteristics_2021,
	title = {Characteristics of the 100 largest modern zoonotic disease outbreaks},
	volume = {376},
	url = {https://royalsocietypublishing.org/doi/full/10.1098/rstb.2020.0535},
	doi = {10.1098/rstb.2020.0535},
	number = {1837},
	urldate = {2021-12-12},
	journal = {Philosophical Transactions of the Royal Society B: Biological Sciences},
	author = {Stephens, Patrick R. and Gottdenker, N. and Schatz, A. M. and Schmidt, J. P. and Drake, John M.},
	month = nov,
	year = {2021},
	note = {Publisher: Royal Society},
	keywords = {bacteria, macroecology, outbreak, transmission mode, virus, zoonosis},
	pages = {20200535},
}

@article{tedeschi_introduction_nodate,
	title = {Introduction, spread, and impacts of invasive alien mammal species in {Europe}},
	volume = {n/a},
	issn = {1365-2907},
	url = {https://onlinelibrary.wiley.com/doi/abs/10.1111/mam.12277},
	doi = {10.1111/mam.12277},
	language = {en},
	number = {n/a},
	urldate = {2021-12-12},
	journal = {Mammal Review},
	author = {Tedeschi, Lisa and Biancolini, Dino and Capinha, César and Rondinini, Carlo and Essl, Franz},
}

@article{glidden_human-mediated_2021,
	title = {Human-mediated impacts on biodiversity and the consequences for zoonotic disease spillover},
	volume = {31},
	issn = {0960-9822},
	url = {https://www.sciencedirect.com/science/article/pii/S0960982221012069},
	doi = {10.1016/j.cub.2021.08.070},
	language = {en},
	number = {19},
	urldate = {2021-12-12},
	journal = {Current Biology},
	author = {Glidden, Caroline K. and Nova, Nicole and Kain, Morgan P. and Lagerstrom, Katherine M. and Skinner, Eloise B. and Mandle, Lisa and Sokolow, Susanne H. and Plowright, Raina K. and Dirzo, Rodolfo and De Leo, Giulio A. and Mordecai, Erin A.},
	month = oct,
	year = {2021},
	pages = {R1342--R1361},
}

@article{chinchio_invasive_2020,
	title = {Invasive alien species and disease risk: {An} open challenge in public and animal health},
	volume = {16},
	issn = {1553-7374},
	shorttitle = {Invasive alien species and disease risk},
	url = {https://journals.plos.org/plospathogens/article?id=10.1371/journal.ppat.1008922},
	doi = {10.1371/journal.ppat.1008922},
	language = {en},
	number = {10},
	urldate = {2021-12-12},
	journal = {PLOS Pathogens},
	author = {Chinchio, Eleonora and Crotta, Matteo and Romeo, Claudia and Drewe, Julian A. and Guitian, Javier and Ferrari, Nicola},
	month = oct,
	year = {2020},
	note = {Publisher: Public Library of Science},
}

@article{pysek_scientists_2020,
	title = {Scientists' warning on invasive alien species},
	volume = {95},
	issn = {1469-185X},
	url = {https://onlinelibrary.wiley.com/doi/abs/10.1111/brv.12627},
	doi = {10.1111/brv.12627},
	language = {en},
	number = {6},
	urldate = {2021-12-12},
	journal = {Biological Reviews},
	author = {Pyšek, Petr and Hulme, Philip E. and Simberloff, Dan and Bacher, Sven and Blackburn, Tim M. and Carlton, James T. and Dawson, Wayne and Essl, Franz and Foxcroft, Llewellyn C. and Genovesi, Piero and Jeschke, Jonathan M. and Kühn, Ingolf and Liebhold, Andrew M. and Mandrak, Nicholas E. and Meyerson, Laura A. and Pauchard, Aníbal and Pergl, Jan and Roy, Helen E. and Seebens, Hanno and van Kleunen, Mark and Vilà, Montserrat and Wingfield, Michael J. and Richardson, David M.},
	year = {2020},
	note = {\_eprint: https://onlinelibrary.wiley.com/doi/pdf/10.1111/brv.12627},
	keywords = {biological invasions, biosecurity, environmental impacts, global change, invasion dynamics, invasion hotspots, naturalization, policy, protected areas, socioeconomic impacts},
	pages = {1511--1534},
}

@incollection{michael_r_lelimini_invasive_2021,
	title = {Invasive {Alien} {Species}},
	volume = {1},
	isbn = {978-1-119-60704-5},
	url = {https://onlinelibrary.wiley.com/doi/10.1002/9781119607045.ch1},
	booktitle = {Invasive {Alien} {Species}: {Observations} and {Issues} from {Around} the {World}},
	publisher = {2021 John Wiley \& Sons Ltd.},
	author = {Michael R. lelimini, K.V. Sankaran},
	month = apr,
	year = {2021},
	pages = {1--79},
}

@article{schindler_alien_2015,
	title = {Alien species and public health impacts in {Europe}: a literature review},
	volume = {27},
	copyright = {2021Stefan Schindler, Bernadette Staska, Mildren Adam, Wolfgang Rabitsch, Franz Essl},
	issn = {1314-2488},
	shorttitle = {Alien species and public health impacts in {Europe}},
	url = {https://neobiota.pensoft.net/article/5007/},
	doi = {10.3897/neobiota.27.5007},
	language = {en},
	urldate = {2021-12-12},
	journal = {NeoBiota},
	author = {Schindler, Stefan and Staska, Bernadette and Adam, Mildren and Rabitsch, Wolfgang and Essl, Franz},
	month = sep,
	year = {2015},
	note = {Publisher: Pensoft Publishers},
	pages = {1--23},
}

@article{chapman_global_2017,
	title = {Global trade networks determine the distribution of invasive non-native species},
	volume = {26},
	issn = {1466-8238},
	url = {https://onlinelibrary.wiley.com/doi/abs/10.1111/geb.12599},
	doi = {10.1111/geb.12599},
	language = {en},
	number = {8},
	urldate = {2021-12-12},
	journal = {Global Ecology and Biogeography},
	author = {Chapman, Daniel and Purse, Bethan V. and Roy, Helen E. and Bullock, James M.},
	year = {2017},
	note = {\_eprint: https://onlinelibrary.wiley.com/doi/pdf/10.1111/geb.12599},
	keywords = {climate matching, crop pests, dispersal, introduction, invasive alien species, pest outbreaks, plant disease, plant health, transport},
	pages = {907--917},
}

@article{robinson_double_2020,
	title = {Double trouble: the implications of climate change for biological invasions},
	volume = {62},
	copyright = {2021 Tamara B. Robinson, Nicole Martin, Tainã G. Loureiro, Phikolomzi Matikinca, Mark P. Robertson},
	issn = {1314-2488},
	shorttitle = {Double trouble},
	url = {https://neobiota.pensoft.net/article/55729/},
	doi = {10.3897/neobiota.62.55729},
	language = {en},
	urldate = {2021-12-12},
	journal = {NeoBiota},
	author = {Robinson, Tamara B. and Martin, Nicole and Loureiro, Tainã G. and Matikinca, Phikolomzi and Robertson, Mark P.},
	month = oct,
	year = {2020},
	note = {Publisher: Pensoft Publishers},
	pages = {463--487},
}

@article{poisot_imputing_2021,
	title = {Imputing the mammalian virome with linear filtering and singular value decomposition},
	url = {http://arxiv.org/abs/2105.14973},
	urldate = {2021-12-15},
	journal = {arXiv:2105.14973 [q-bio]},
	author = {Poisot, Timothée and Ouellet, Marie-Andrée and Mollentze, Nardus and Farrell, Maxwell J. and Becker, Daniel J. and Albery, Gregory F. and Gibb, Rory J. and Seifert, Stephanie N. and Carlson, Colin J.},
	month = may,
	year = {2021},
}

@article{wardeh_divide-and-conquer_2021,
	title = {Divide-and-conquer: machine-learning integrates mammalian and viral traits with network features to predict virus-mammal associations},
	volume = {12},
	copyright = {2021 The Author(s)},
	issn = {2041-1723},
	shorttitle = {Divide-and-conquer},
	url = {https://www.nature.com/articles/s41467-021-24085-w},
	doi = {10.1038/s41467-021-24085-w},
	number = {1},
	urldate = {2021-12-15},
	journal = {Nature Communications},
	author = {Wardeh, Maya and Blagrove, Marcus S. C. and Sharkey, Kieran J. and Baylis, Matthew},
	month = jun,
	year = {2021},
}

@misc{seebens_sinas_2021,
	title = {{SInAS} database of alien species occurrences},
	url = {https://zenodo.org/record/5562892},
	urldate = {2021-12-15},
	publisher = {Zenodo},
	author = {Seebens, Hanno},
	month = oct,
	year = {2021},
	doi = {10.5281/zenodo.5562892},
	note = {Type: dataset},
	keywords = {non-native, global, invasive species, invasion, occurrence records},
}

@article{hulme_invasive_2014,
	title = {Invasive species challenge the global response to emerging diseases},
	volume = {30},
	issn = {1471-4922},
	url = {https://www.sciencedirect.com/science/article/pii/S1471492214000543},
	doi = {10.1016/j.pt.2014.03.005},
	language = {en},
	number = {6},
	urldate = {2021-12-17},
	journal = {Trends in Parasitology},
	author = {Hulme, Philip E.},
	month = jun,
	year = {2014},
	pages = {267--270},
}

@article{keesing_impacts_2021,
	title = {Impacts of biodiversity and biodiversity loss on zoonotic diseases},
	volume = {118},
	copyright = {Copyright © 2021 the Author(s). Published by PNAS.. https://creativecommons.org/licenses/by/4.0/This open access article is distributed under Creative Commons Attribution License 4.0 (CC BY).},
	issn = {0027-8424, 1091-6490},
	url = {https://www.pnas.org/content/118/17/e2023540118},
	doi = {10.1073/pnas.2023540118},
	language = {en},
	number = {17},
	urldate = {2021-12-17},
	journal = {Proceedings of the National Academy of Sciences},
	author = {Keesing, Felicia and Ostfeld, Richard S.},
	month = apr,
	year = {2021},
	pmid = {33820825},
}

@article{ogden_emerging_nodate,
	title = {Emerging infectious diseases and biological invasions: a call for a {One} {Health} collaboration in science and management},
	volume = {6},
	shorttitle = {Emerging infectious diseases and biological invasions},
	url = {https://royalsocietypublishing.org/doi/10.1098/rsos.181577},
	doi = {10.1098/rsos.181577},
	number = {3},
	urldate = {2021-12-17},
	journal = {Royal Society Open Science},
	author = {Ogden, Nick H. and Wilson, John R. U. and Richardson, David M. and Hui, Cang and Davies, Sarah J. and Kumschick, Sabrina and Le Roux, Johannes J. and Measey, John and Saul, Wolf-Christian and Pulliam, Juliet R. C.},
	note = {Publisher: Royal Society},
	keywords = {biological invasion, emerging infectious disease, One Health},
	pages = {181577},
}

@misc{santini_tetradensity_nodate,
	title = {{TetraDENSITY}: {A} database of population density estimates in terrestrial vertebrates - {Santini} - 2018 - {Global} {Ecology} and {Biogeography} - {Wiley} {Online} {Library}},
	url = {https://onlinelibrary.wiley.com/doi/10.1111/geb.12756},
	urldate = {2021-12-21},
	author = {Santini, Luca and Issac, Nick J.B. and Ficetola, Gentile Francesco},
}
